@incollection{Bottou:1999:OLS:304710.304720,
	author = {Bottou, L.},
	chapter = {{On-line Learning and Stochastic Approximations}},
	title = {On-line Learning in Neural Networks},
	editor = {Saad, David},
	year = {1998},
	isbn = {0-521-65263-4},
	pages = {9--42},
	numpages = {34},
	url = {http://dl.acm.org/citation.cfm?id=304710.304720},
	acmid = {304720},
	publisher = {Cambridge University Press},
	address = {New York, NY, USA},
} 

@book{bouleau-lepingle-94,
	AUTHOR =		 {Bouleau, N. and L{\'e}pingle, D.},
	TITLE =		 {Numerical methods for stochastic processes},
	NOTE =		 {A Wiley-Interscience Publication},
	PUBLISHER =	 {John Wiley \& Sons Inc.},
	ADDRESS =		 {New York},
	YEAR =		 {1994},
	PAGES =		 {xx+359},
	ISBN =		 {0-471-54641-0},
	MRCLASS =		 {60H10 (60-04 60J99 65U05)},
	MRNUMBER =	 {95h:60090}
}


@article{Robbins&Monro:1951,
	added-at = {2008-10-07T16:03:39.000+0200},
	author = {Robbins, H. and Monro, S.},
	biburl = {https://www.bibsonomy.org/bibtex/2cc1b9aa8927ac4952e93f34094a3eaaf/brefeld},
	interhash = {93d54534a08c30eda9e34d1def03ffa3},
	intrahash = {cc1b9aa8927ac4952e93f34094a3eaaf},
	journal = {Annals of Mathematical Statistics},
	keywords = {imported},
	pages = {400-407},
	timestamp = {2008-10-07T16:03:40.000+0200},
	title = {A stochastic approximation method},
	volume = 22,
	year = 1951
}



@inproceedings{SutskeverT10,
  added-at = {2013-11-25T00:00:00.000+0100},
  author = {Sutskever, I. and Tieleman, T.},
  biburl = {https://www.bibsonomy.org/bibtex/2d2af70ef975054012b4381bad436f216/dblp},
  booktitle = {AISTATS},
  editor = {Teh, Yee Whye and Titterington, D. Mike},
  ee = {http://www.jmlr.org/proceedings/papers/v9/sutskever10a.html},
  interhash = {c81a666551da899e4b28930e64bd0c92},
  intrahash = {d2af70ef975054012b4381bad436f216},
  pages = {789--795},
  publisher = {JMLR.org},
  series = {JMLR Proceedings},
  timestamp = {2015-06-18T19:53:55.000+0200},
  title = {{On the Convergence Properties of Contrastive Divergence}},
  url = {http://dblp.uni-trier.de/db/journals/jmlr/jmlrp9.html#SutskeverT10},
  volume = 9,
  year = 2010
}

@inproceedings{carreiraperpinan2005contrastive,
	added-at = {2014-04-08T11:15:45.000+0200},
	author = {Carreira-Perpinan, M. A. and Hinton, G. E.},
	biburl = {https://www.bibsonomy.org/bibtex/287686aa19cf8339d926bafc7860d78b4/prlz77},
	booktitle = {{Artificial Intelligence and Statistics}},
	interhash = {6f46aaf7a3dd6e0a85e6ad0c95e55951},
	intrahash = {87686aa19cf8339d926bafc7860d78b4},
	timestamp = {2014-04-08T11:15:45.000+0200},
	title = {{On Contrastive Divergence Learning}},
	year = 2005
}

@incollection{goodfellow_generative_2014,
	title = {Generative Adversarial Nets},
	author = {Goodfellow, Ian and Pouget-Abadie, Jean and Mirza, Mehdi and Xu, Bing and Warde-Farley, David and Ozair, Sherjil and Courville, Aaron and Bengio, Yoshua},
	booktitle = {Advances in Neural Information Processing Systems 27},
	editor = {Z. Ghahramani and M. Welling and C. Cortes and N. D. Lawrence and K. Q. Weinberger},
	pages = {2672--2680},
	year = {2014},
	publisher = {Curran Associates, Inc.},
	url = {http://papers.nips.cc/paper/5423-generative-adversarial-nets.pdf}
	}


@inproceedings{CSS,
	author    = {Botev, A. and Zheng, B. and Barber, D.},
	title     = {{Complementary Sum Sampling for Likelihood Approximation in Large Scale
	Classification}},
	booktitle = {Proceedings of the 20th International Conference on Artificial Intelligence
	and Statistics, {AISTATS} 2017, 20-22 April 2017, Fort Lauderdale,
	FL, {USA}},
	pages     = {1030--1038},
	year      = {2017},
	crossref  = {DBLP:conf/aistats/2017},
	url       = {http://proceedings.mlr.press/v54/botev17a.html},
	timestamp = {Fri, 30 Jun 2017 12:09:54 +0200},
	biburl    = {http://dblp.uni-trier.de/rec/bib/conf/aistats/BotevZB17},
	bibsource = {dblp computer science bibliography, http://dblp.org}
}


@article{kingma2013auto,
  title={Auto-encoding variational bayes},
  author={Kingma, Diederik P and Welling, Max},
  journal={arXiv preprint arXiv:1312.6114},
  year={2013}
}


@article{rezende2014stochastic,
  title={Stochastic backpropagation and approximate inference in deep generative models},
  author={Rezende, Danilo Jimenez and Mohamed, Shakir and Wierstra, Daan},
  journal={arXiv preprint arXiv:1401.4082},
  year={2014}
}

@article{salimbeni2017doubly,
  title={Doubly Stochastic Variational Inference for Deep Gaussian Processes},
  author={Salimbeni, Hugh and Deisenroth, Marc},
  journal={arXiv preprint arXiv:1705.08933},
  year={2017}
}


@inproceedings{salakhutdinov2009deep,
  title={Deep boltzmann machines},
  author={Salakhutdinov, Ruslan and Hinton, Geoffrey},
  booktitle={Artificial Intelligence and Statistics},
  pages={448--455},
  year={2009}
}

@article{uria2016neural,
  title={Neural autoregressive distribution estimation},
  author={Uria, Benigno and C{\^o}t{\'e}, Marc-Alexandre and Gregor, Karol and Murray, Iain and Larochelle, Hugo},
  journal={Journal of Machine Learning Research},
  volume={17},
  number={205},
  pages={1--37},
  year={2016}
}


@article{rezende2015variational,
  title={Variational inference with normalizing flows},
  author={Rezende, Danilo Jimenez and Mohamed, Shakir},
  journal={arXiv preprint arXiv:1505.05770},
  year={2015}
}


@article{maaloe2016auxiliary,
  title={Auxiliary deep generative models},
  author={Maal{\o}e, Lars and S{\o}nderby, Casper Kaae and S{\o}nderby, S{\o}ren Kaae and Winther, Ole},
  journal={arXiv preprint arXiv:1602.05473},
  year={2016}
}


@inproceedings{johnson2016composing,
  title={Composing graphical models with neural networks for structured representations and fast inference},
  author={Johnson, Matthew and Duvenaud, David K and Wiltschko, Alex and Adams, Ryan P and Datta, Sandeep R},
  booktitle={Advances in neural information processing systems},
  pages={2946--2954},
  year={2016}
}


@article{dieng2016topicrnn,
  title={Topicrnn: A recurrent neural network with long-range semantic dependency},
  author={Dieng, Adji B and Wang, Chong and Gao, Jianfeng and Paisley, John},
  journal={arXiv preprint arXiv:1611.01702},
  year={2016}
}


@article{gregor2015draw,
  title={DRAW: A recurrent neural network for image generation},
  author={Gregor, Karol and Danihelka, Ivo and Graves, Alex and Rezende, Danilo Jimenez and Wierstra, Daan},
  journal={arXiv preprint arXiv:1502.04623},
  year={2015}
}


@inproceedings{chandra2016fast,
  title={Fast, exact and multi-scale inference for semantic image segmentation with deep gaussian crfs},
  author={Chandra, Siddhartha and Kokkinos, Iasonas},
  booktitle={European Conference on Computer Vision},
  pages={402--418},
  year={2016},
  organization={Springer}
}


@inproceedings{li2016renyi,
  title={R{\'e}nyi divergence variational inference},
  author={Li, Yingzhen and Turner, Richard E},
  booktitle={Advances in Neural Information Processing Systems},
  pages={1073--1081},
  year={2016}
}


@article{jang2016categorical,
  title={Categorical reparameterization with gumbel-softmax},
  author={Jang, Eric and Gu, Shixiang and Poole, Ben},
  journal={arXiv preprint arXiv:1611.01144},
  year={2016}
}


@article{arjovsky2017wasserstein,
  title={Wasserstein gan},
  author={Arjovsky, Martin and Chintala, Soumith},
  journal={arXiv preprint arXiv:1701.07875},
  year={2017}
}


